@article{DiHe76,
    author={W. Diffie, M. E. Hellman},
    title={New Directions in Cryptography},
    journal={IEEE Transactions on Information Theory},
    volume={22},
    number={6},
    year=1976,
    pages={644-654}
}

@article{Sham79,
    author={A. Shamir},
    title={How to Share a Secret},
    journal={Communications of the ACM},
    volume={22},
    number={11},
    year=1979,
    pages={612-613}
}

@article{ChenNW11,
    author={Liqun Chen and Siaw{-}Lynn Ng and Guilin Wang},
    title={Threshold Anonymous Announcement in VANETs},
    journal={{IEEE} Journal on Selected Areas in Communications},
    volume={29},
    number={13},
    year={2011},
    pages={605--615},
    doi       = {10.1109/JSAC.2011.110310},
    biburl    = {http://dblp.org/rec/bib/journals/jsac/ChenNW11},
    bibsource = {dblp computer science bibliography, http://dblp.org},
}

@article{DazaDSV09,
  author    = {Vanesa Daza and
               Josep Domingo{-}Ferrer and
               Francesc Seb{\'{e}} and
               Alexandre Viejo},
  title     = {Trustworthy Privacy-Preserving Car-Generated Announcements in Vehicular
               Ad Hoc Networks},
  journal   = {{IEEE} Transactions on Vehicular Technology},
  volume    = {58},
  number    = {4},
  pages     = {1876--1886},
  year      = {2009},
  doi       = {10.1109/TVT.2008.2002581},
  biburl    = {http://dblp.org/rec/bib/journals/tvt/DazaDSV09},
  bibsource = {dblp computer science bibliography, http://dblp.org}
}

